@misc{ wiki:1,
   author = "Wikipedia",
   title = "StrongARM --- Wikipedia{,} The Free Encyclopedia",
   year = "2016",
   url = "\url{https://en.wikipedia.org/w/index.php?title=StrongARM&oldid=736676968}",
   note = "[Online; accessed 01-November-2016]"
 }

 @misc{ intel:1,
   author = "Intel",
   title = "Intel® StrongARM ® SA-1100 Microprocessor",
   year = "1999",
   url = "\url{http://www.lartmaker.nl/278088.pdf}",
   note = "[Online; accessed 02-November-2016]"
 }