@misc{ wiki:1,
   author = "Wikipedia",
   title = "Horner-Schema --- Wikipedia{,} Die freie Enzyklop√§die",
   year = "2016",
   url = "\url{https://de.wikipedia.org/w/index.php?title=Horner-Schema&oldid=156953950}",
   note = "[Online; Stand 25. Oktober 2016]"
 }